<?xml version="1.0" encoding="UTF-8"?><collection><record><leader>00674nam a22002291  4500</leader><controlfield tag="001">001730317</controlfield><controlfield tag="003">MiAaHDL</controlfield><controlfield tag="005">20130211000000.0</controlfield><controlfield tag="006">m        d        </controlfield><controlfield tag="007">cr bn ---auaua</controlfield><controlfield tag="008">891207s1904    nyu|||||||||||||||||eng|d</controlfield><datafield tag="035" ind1=" " ind2=" "><subfield code="a">(MiU)001730317</subfield></datafield><datafield tag="035" ind1=" " ind2=" "><subfield code="a">sdr-miu001730317</subfield></datafield><datafield tag="035" ind1=" " ind2=" "><subfield code="a">(OCoLC)791496</subfield></datafield><datafield tag="035" ind1=" " ind2=" "><subfield code="a">(SAZTEC)185801480</subfield></datafield><datafield tag="035" ind1=" " ind2=" "><subfield code="a">(CaOTULAS)176669642</subfield></datafield><datafield tag="040" ind1=" " ind2=" "><subfield code="c">SAZTEC</subfield></datafield><datafield tag="041" ind1="1" ind2=" "><subfield code="a">eng</subfield><subfield code="h">rus</subfield></datafield><datafield tag="100" ind1="1" ind2=" "><subfield code="a">Tolstoy, Leo,</subfield><subfield code="c">graf,</subfield><subfield code="d">1828-1910.</subfield></datafield><datafield tag="245" ind1="1" ind2="0"><subfield code="a">War and peace...</subfield><subfield code="c">A new and complete tr. from the Russian, by C. Garnett...</subfield></datafield><datafield tag="260" ind1=" " ind2=" "><subfield code="a">New York,</subfield><subfield code="b">McClure, Phillips &amp; co.,</subfield><subfield code="c">1904.</subfield></datafield><datafield tag="300" ind1=" " ind2=" "><subfield code="a">3 v.</subfield><subfield code="c">23 cm.</subfield></datafield><datafield tag="538" ind1=" " ind2=" "><subfield code="a">Mode of access: Internet.</subfield></datafield><datafield tag="CID" ind1=" " ind2=" "><subfield code="a">001730317</subfield></datafield><datafield tag="DAT" ind1="0" ind2=" "><subfield code="a">20130211152457.0</subfield><subfield code="b">20130211000000.0</subfield></datafield><datafield tag="DAT" ind1="1" ind2=" "><subfield code="a">20130215120542.0</subfield><subfield code="b">2013-08-11T17:41:00Z</subfield></datafield><datafield tag="DAT" ind1="2" ind2=" "><subfield code="a">2012-03-08T08:30:16Z</subfield></datafield><datafield tag="CAT" ind1=" " ind2=" "><subfield code="a">SDR-MIU</subfield><subfield code="d">EX LIBRIS - ALEPH</subfield><subfield code="l">loader.pl-002-002</subfield></datafield><datafield tag="FMT" ind1=" " ind2=" "><subfield code="a">BK</subfield></datafield><datafield tag="HOL" ind1=" " ind2=" "><subfield code="0">sdr-miu001730317</subfield><subfield code="a">MiU</subfield><subfield code="b">SDR</subfield><subfield code="c">MIU</subfield><subfield code="p">mdp.39015065311196</subfield><subfield code="s">MIU</subfield><subfield code="z">v.3</subfield><subfield code="1">001730317</subfield></datafield><datafield tag="974" ind1=" " ind2=" "><subfield code="b">MIU</subfield><subfield code="c">MIU</subfield><subfield code="d">20130811</subfield><subfield code="s">google</subfield><subfield code="u">mdp.39015065311196</subfield><subfield code="z">v.3</subfield><subfield code="y">1904</subfield><subfield code="r">pd</subfield></datafield><datafield tag="974" ind1=" " ind2=" "><subfield code="b">MIU</subfield><subfield code="c">MIU</subfield><subfield code="d">20131028</subfield><subfield code="s">google</subfield><subfield code="u">mdp.39015066953533</subfield><subfield code="z">v.2</subfield><subfield code="y">1904</subfield><subfield code="r">pd</subfield></datafield></record></collection>